@article{SuperGLUE,
  author    = {Alex Wang and
               Yada Pruksachatkun and
               Nikita Nangia and
               Amanpreet Singh and
               Julian Michael and
               Felix Hill and
               Omer Levy and
               Samuel R. Bowman},
  title     = {SuperGLUE: {A} Stickier Benchmark for General-Purpose Language Understanding
               Systems},
  journal   = {CoRR},
  volume    = {abs/1905.00537},
  year      = {2019},
  url       = {http://arxiv.org/abs/1905.00537},
  eprinttype = {arXiv},
  eprint    = {1905.00537},
  timestamp = {Mon, 27 May 2019 13:15:00 +0200},
  biburl    = {https://dblp.org/rec/journals/corr/abs-1905-00537.bib},
  bibsource = {dblp computer science bibliography, https://dblp.org}
}

@article{Transformer,
  author    = {Ashish Vaswani and
               Noam Shazeer and
               Niki Parmar and
               Jakob Uszkoreit and
               Llion Jones and
               Aidan N. Gomez and
               Lukasz Kaiser and
               Illia Polosukhin},
  title     = {Attention Is All You Need},
  journal   = {CoRR},
  volume    = {abs/1706.03762},
  year      = {2017},
  url       = {http://arxiv.org/abs/1706.03762},
  eprinttype = {arXiv},
  eprint    = {1706.03762},
  timestamp = {Sat, 23 Jan 2021 01:20:40 +0100},
  biburl    = {https://dblp.org/rec/journals/corr/VaswaniSPUJGKP17.bib},
  bibsource = {dblp computer science bibliography, https://dblp.org}
}

@inproceedings{HDC,
author = {Rahimi, Abbas and Kanerva, Pentti and Rabaey, Jan M.},
title = {A Robust and Energy-Efficient Classifier Using Brain-Inspired Hyperdimensional Computing},
year = {2016},
isbn = {9781450341851},
publisher = {Association for Computing Machinery},
url = {https://doi.org/10.1145/2934583.2934624},
doi = {10.1145/2934583.2934624},
}

@article{HF,
  author    = {Thomas Wolf and
               Lysandre Debut and
               Victor Sanh and
               Julien Chaumond and
               Clement Delangue and
               Anthony Moi and
               Pierric Cistac and
               Tim Rault and
               R{\'{e}}mi Louf and
               Morgan Funtowicz and
               Jamie Brew},
  title     = {HuggingFace's Transformers: State-of-the-art Natural Language Processing},
  journal   = {CoRR},
  volume    = {abs/1910.03771},
  year      = {2019},
  url       = {http://arxiv.org/abs/1910.03771},
  eprinttype = {arXiv},
  eprint    = {1910.03771},
  timestamp = {Tue, 02 Jun 2020 12:49:01 +0200},
  biburl    = {https://dblp.org/rec/journals/corr/abs-1910-03771.bib},
  bibsource = {dblp computer science bibliography, https://dblp.org}
}

@misc{torchhd,
      title={Torchhd: An Open-Source Python Library to Support Hyperdimensional Computing Research}, 
      author={Mike Heddes and Igor Nunes and Pere Vergés and Dheyay Desai and Tony Givargis and Alexandru Nicolau},
      year={2022},
      eprint={2205.09208},
      archivePrefix={arXiv},
      primaryClass={cs.LG}
}

@inproceedings{quasthoff-etal-2006-corpus,
    title = "Corpus Portal for Search in Monolingual Corpora",
    author = "Quasthoff, Uwe  and
      Richter, Matthias  and
      Biemann, Christian",
    booktitle = "Proceedings of the Fifth International Conference on Language Resources and Evaluation ({LREC}{'}06)",
    month = may,
    year = "2006",
    address = "Genoa, Italy",
    publisher = "European Language Resources Association (ELRA)",
    url = "http://www.lrec-conf.org/proceedings/lrec2006/pdf/641_pdf.pdf",
    abstract = "A simple and flexible schema for storing and presenting monolingual language resources is proposed. In this format, data for 18 different languages is already available in various sizes. The data is provided free of charge for online use and download. The main target is to ease the application of algorithms for monolingual and interlingual studies.",
}

@article{BEIR,
  author    = {Nandan Thakur and
               Nils Reimers and
               Andreas R{\"{u}}ckl{\'{e}} and
               Abhishek Srivastava and
               Iryna Gurevych},
  title     = {{BEIR:} {A} Heterogenous Benchmark for Zero-shot Evaluation of Information
               Retrieval Models},
  journal   = {CoRR},
  volume    = {abs/2104.08663},
  year      = {2021},
  url       = {https://arxiv.org/abs/2104.08663},
  eprinttype = {arXiv},
  eprint    = {2104.08663},
  timestamp = {Thu, 14 Oct 2021 09:14:46 +0200},
  biburl    = {https://dblp.org/rec/journals/corr/abs-2104-08663.bib},
  bibsource = {dblp computer science bibliography, https://dblp.org}
}

 @misc{wikipedia, url={https://huggingface.co/datasets/wikipedia}, year={2022}, month={Nov} }

 @article{abid2019gradio,
  title = {Gradio: Hassle-Free Sharing and Testing of ML Models in the Wild},
  author = {Abid, Abubakar and Abdalla, Ali and Abid, Ali and Khan, Dawood and Alfozan, Abdulrahman and Zou, James},
  journal = {arXiv preprint arXiv:1906.02569},
  year = {2019},
}

@misc{desislavov2021compute,
      title={Compute and Energy Consumption Trends in Deep Learning Inference}, 
      author={Radosvet Desislavov and Fernando Martínez-Plumed and José Hernández-Orallo},
      year={2021},
      eprint={2109.05472},
      archivePrefix={arXiv},
      primaryClass={cs.LG}
}